% Vorlagen f체r Quellen das Literaturverzeichnis "?" is in bibtex zum auskommentieren
% (alles mit ?_ ist zus채tzlich und nicht prim채r relevant)
% siehe https://en.wikibooks.org/wiki/LaTeX/Bibliography_Management#BibTeX f체r weitere Informationen
% cheat sheet: http://tug.ctan.org/info/biblatex-cheatsheet/biblatex-cheatsheet.pdf

@misc{Xmisc,
  ?_author       = {},
  ?_title        = {},
  ?_howpublished = {},
  ?_year         = {XXXX},
  ?_url          = {},
  ?_urldate      = {},
  ?_month        = {},
  ?_note         = {}
}
